<record xmlns:xsi="http://www.w3.org/2001/XMLSchema-instance" xmlns="http://www.loc.gov/MARC21/slim" xsi:schemaLocation="http://www.loc.gov/MARC21/slim http://www.loc.gov/standards/marcxml/schema/MARC21slim.xsd">

  <leader>00460nam a2200145   4500</leader>
  <datafield ind1=" " ind2=" " tag="999">
    <subfield code="c">3407</subfield>
    <subfield code="d">3407</subfield>
  </datafield>
  <controlfield tag="008">170313b2016    cr ||||| |||| 00| | spa d</controlfield>
  <datafield ind1=" " ind2=" " tag="090">
    <subfield code="a">18.09.01</subfield>
    <subfield code="b">2406</subfield>
  </datafield>
  <datafield ind1="1" ind2=" " tag="100">
    <subfield code="9">2530</subfield>
    <subfield code="a">Saforcada, Fernanda</subfield>
  </datafield>
  <datafield ind2="1" ind1="1" tag="245">
    <subfield code="a">[Informe final de evaluación externa del INIE] /</subfield>
    <subfield code="c">Fernanda Saforcada</subfield>
  </datafield>
  <datafield ind1=" " ind2=" " tag="260">
    <subfield code="a">[San José, Costa Rica] :</subfield>
    <subfield code="c">2016</subfield>
  </datafield>
  <datafield tag="300" ind2=" " ind1=" ">
    <subfield code="a">34 páginas</subfield>
  </datafield>
  <datafield tag="610" ind1="1" ind2="0">
    <subfield code="9">153</subfield>
    <subfield code="a">INSTITUTO DE INVESTIGACIÓN EN EDUCACIÓN</subfield>
  </datafield>
  <datafield ind1="1" ind2="4" tag="650">
    <subfield code="9">287</subfield>
    <subfield code="a">EVALUACIÓN </subfield>
  </datafield>
  <datafield tag="942" ind2=" " ind1=" ">
    <subfield code="2">z</subfield>
    <subfield code="c">01</subfield>
  </datafield>
</record>